@Manual{Mathworks0,
  Title = {{Matlab R2020a Documentation}},
  Author = {{The Mathworks support center}},
  Year = {2020},
  Url = {https://www.mathworks.com/help/}
}

@Manual{Eyre98,
  Title = {{MATLAB Basics and a Little Beyond}},
  Author = {D.~Eyre},
  Year = {1998},
  Url = {https://www.math.utah.edu/~eyre/computing/matlab-intro}
}

%\bibitem{Stark98}
%C.~Stark, \emph{MATLAB Summary}. [Online]. Available: \url{http://www.math.ufl.edu/help/matlab-tutorial/matlab-tutorial.html}, 1997.

@book{Etter2002,
  title={Introduction to MATLAB},
  author={Etter, Delores Maria and Kuncicky, David C and Hull, Douglas W},
  year={2002},
  publisher={Prentice Hall}
}

%\bibitem{Getreuer06}
%P.~Getreuer, \emph{Writing Fast MATLAB Code}. [Online]. Available: \url{http://www.math.ucla.edu/~getreuer/matopt.pdf}, June 2006.

@Manual{Getreuer20,
  Title = {{Writing Fast MATLAB Code}},
  Author = {Pascal Getreuer},
  Year = {2020},
  Url = {https://www.mathworks.com/matlabcentral/fileexchange/5685-writing-fast-matlab-code},
  note = {MATLAB Central File Exchange. Retrieved August 6, 2020.}
}

@Manual{Acklam03,
  Title = {{MATLAB array manipulation tips and tricks}},
  Author = {P.J.~Acklam},
  Year = {2003},
  Url = {https://www.coursehero.com/file/14588631/MATLAB-array-manipulation-tips-and-tricks/}
}

@article{Gilbert91,
author = {Gilbert, John R. and Moler, Cleve and Schreiber, Robert},
title = {Sparse Matrices in MATLAB: Design and Implementation},
journal = {SIAM Journal on Matrix Analysis and Applications},
volume = {13},
number = {1},
pages = {333-356},
year = {1992},
doi = {10.1137/0613024},
URL = {https://doi.org/10.1137/0613024},
eprint = {https://doi.org/10.1137/0613024}
}

@Manual{Mathworks1,
  Title = {{Techniques to Improve Performance}},
  Author = {{The Mathworks support center}},
  Year = {2020},
  Url = {http://www.mathworks.com/support/tech-notes/1100/1109.html}
}

@Manual{Shah,
  Title = {{A Tutorial to Call MATLAB Functions from Within A  C/C++ Program}},
  Author = {B.~Shah},
  Year = {2012},
  Url = {https://www.scribd.com/document/76938035/A-Tutorial-to-Call-MATLAB-Functions-From-Within-a-C-C-Program}
}

@Manual{Mathworks2,
  Title = {{External Language Interfaces}},
  Author = {{The Mathworks support center}},
  Year = {2020},
  Url = {http://www.mathworks.com/support/tech-notes/1600/1605.html}
}

@Manual{OSET3.14,
  Title                    = {{The Open-Source Electrophysiological Toolbox (OSET), version 3.14}},
  Author                   = {Reza Sameni},
  Year                     = {2018},

  Url                      = {http://www.oset.ir}
}
